@online{GDD1,
    author    = "Rosa Carb√≥-Mascarell",
    title     = "Game design template",
    year      = "2022",
    url       = "https://glamorous-save-06a.notion.site/Game-design-template-0132383574dd4c2dbff5d14e3a90761c",
    note      = "[Online; accessed 8-March-2023]"
}

@online{GDD2,
    author    = "Alexander Brazie",
    title     = "How to Make a Functional Game Design Document (Examples and Templates)",
    year      = "2022",
    url       = "https://gamedesignskills.com/game-design/how-to-write-a-game-design-document/",
    note      = "[Online; accessed 8-March-2023]"
}